<?xml version="1.0" encoding="UTF-8"?><Document xmlns:xsi="http://www.w3.org/2001/XMLSchema-instance" xmlns="urn:iso:std:iso:20022:tech:xsd:camt.054.001.02"><BkToCstmrDbtCdtNtfctn><GrpHdr><MsgId>WPGRDB-19122018VO-EFT-M-0000000063</MsgId><CreDtTm>2018-12-19T22:05:20.23</CreDtTm></GrpHdr><Ntfctn><Id>WPGRDB-19122018VO-EFT-N-0000000001</Id><CreDtTm>2018-12-19T22:05:20.23</CreDtTm><Acct><Id><IBAN>DE82512108001195005785</IBAN></Id><Ccy>EUR</Ccy><Svcr><FinInstnId><BIC>SOGEDEFFXXX</BIC></FinInstnId></Svcr></Acct><TxsSummry><TtlCdtNtries><NbOfNtries>0</NbOfNtries><Sum>0</Sum></TtlCdtNtries><TtlDbtNtries><NbOfNtries>7</NbOfNtries><Sum>6986.80</Sum></TtlDbtNtries></TxsSummry><Ntry><Amt Ccy="EUR">926.05</Amt><CdtDbtInd>DBIT</CdtDbtInd><Sts>BOOK</Sts><BookgDt><Dt>2018-12-19</Dt></BookgDt><ValDt><Dt>2018-12-17</Dt></ValDt><BkTxCd><Domn><Cd>PMNT</Cd><Fmly><Cd>IDDT</Cd><SubFmlyCd>UPDD</SubFmlyCd></Fmly></Domn></BkTxCd><NtryDtls><Btch><NbOfTxs>1</NbOfTxs></Btch><TxDtls><Refs><InstrId>01-000600501954472018</InstrId><EndToEndId>000600501954472018</EndToEndId><MndtId>1258900181556</MndtId></Refs><AmtDtls><InstdAmt><Amt Ccy="EUR">926.05</Amt>          </InstdAmt></AmtDtls><RltdPties><Dbtr><Nm>M.T.S.-Muehlheimer-Transport</Nm></Dbtr><DbtrAcct><Id><IBAN>DE30506636990001022237</IBAN></Id></DbtrAcct><Cdtr><Id><PrvtId><Othr><Id>DE98ZZZ00000003249</Id><SchmeNm><Prtry>SEPA</Prtry></SchmeNm></Othr></PrvtId></Id></Cdtr></RltdPties><RltdAgts><DbtrAgt><FinInstnId><BIC>GENODEF1RDB</BIC></FinInstnId></DbtrAgt></RltdAgts><Purp><Cd>OTHR</Cd></Purp><RmtInf><Ustrd>ZAHLUNGSBELEG 0050195447 0050195447 /17.12.2018 RATE                LG 0249600       778,19        147,86</Ustrd></RmtInf><RltdDts><IntrBkSttlmDt>2018-12-19</IntrBkSttlmDt></RltdDts><RtrInf><Orgtr><Id><OrgId><BICOrBEI>GENODEF1RDB</BICOrBEI></OrgId></Id></Orgtr><Rsn><Cd>MS03</Cd></Rsn><AddtlInf>NARR REASON NOT SPECIFIED BY AGENT</AddtlInf><AddtlInf>/RTYP/RTRN</AddtlInf></RtrInf><AddtlTxInf>/SQTP/RCUR</AddtlTxInf></TxDtls></NtryDtls>                                                                                                          </Ntry><Ntry><Amt Ccy="EUR">937.23</Amt><CdtDbtInd>DBIT</CdtDbtInd><Sts>BOOK</Sts><BookgDt><Dt>2018-12-19</Dt></BookgDt><ValDt><Dt>2018-12-17</Dt></ValDt><BkTxCd><Domn><Cd>PMNT</Cd><Fmly><Cd>IDDT</Cd><SubFmlyCd>UPDD</SubFmlyCd></Fmly></Domn></BkTxCd><NtryDtls><Btch><NbOfTxs>1</NbOfTxs></Btch><TxDtls><Refs><InstrId>01-000600501954542018</InstrId><EndToEndId>000600501954542018</EndToEndId><MndtId>1258900181556</MndtId></Refs><AmtDtls><InstdAmt><Amt Ccy="EUR">937.23</Amt>          </InstdAmt></AmtDtls><RltdPties><Dbtr><Nm>M.T.S.-Muehlheimer-Transport</Nm></Dbtr><DbtrAcct><Id><IBAN>DE30506636990001022237</IBAN></Id></DbtrAcct><Cdtr><Id><PrvtId><Othr><Id>DE98ZZZ00000003249</Id><SchmeNm><Prtry>SEPA</Prtry></SchmeNm></Othr></PrvtId></Id></Cdtr></RltdPties><RltdAgts><DbtrAgt><FinInstnId><BIC>GENODEF1RDB</BIC></FinInstnId></DbtrAgt></RltdAgts><Purp><Cd>OTHR</Cd></Purp><RmtInf><Ustrd>ZAHLUNGSBELEG 0050195454 0050195454 /17.12.2018 RATE                LG 0249877       787,59        149,64</Ustrd></RmtInf><RltdDts><IntrBkSttlmDt>2018-12-19</IntrBkSttlmDt></RltdDts><RtrInf><Orgtr><Id><OrgId><BICOrBEI>GENODEF1RDB</BICOrBEI></OrgId></Id></Orgtr><Rsn><Cd>MS03</Cd></Rsn><AddtlInf>NARR REASON NOT SPECIFIED BY AGENT</AddtlInf><AddtlInf>/RTYP/RTRN</AddtlInf></RtrInf><AddtlTxInf>/SQTP/RCUR</AddtlTxInf></TxDtls></NtryDtls>                                                                                                          </Ntry><Ntry><Amt Ccy="EUR">1129.55</Amt><CdtDbtInd>DBIT</CdtDbtInd><Sts>BOOK</Sts><BookgDt><Dt>2018-12-19</Dt></BookgDt><ValDt><Dt>2018-12-18</Dt></ValDt><BkTxCd><Domn><Cd>PMNT</Cd><Fmly><Cd>IDDT</Cd><SubFmlyCd>UPDD</SubFmlyCd></Fmly></Domn></BkTxCd><NtryDtls><Btch><NbOfTxs>1</NbOfTxs></Btch><TxDtls><Refs><InstrId>01-000600501957632018</InstrId><EndToEndId>000600501957632018</EndToEndId><MndtId>7197101522720</MndtId></Refs><AmtDtls><InstdAmt><Amt Ccy="EUR">1129.55</Amt>          </InstdAmt></AmtDtls><RltdPties><Dbtr><Nm>Pumand GmbH</Nm></Dbtr><DbtrAcct><Id><IBAN>DE47760100850094462858</IBAN></Id></DbtrAcct><Cdtr><Id><PrvtId><Othr><Id>DE98ZZZ00000003249</Id><SchmeNm><Prtry>SEPA</Prtry></SchmeNm></Othr></PrvtId></Id></Cdtr></RltdPties><RltdAgts><DbtrAgt><FinInstnId><BIC>PBNKDEFFXXX</BIC></FinInstnId></DbtrAgt></RltdAgts><Purp><Cd>OTHR</Cd></Purp><RmtInf><Ustrd>ZAHLUNGSBELEG 0050195763 0050195763 /18.12.2018 RATE                LG 0260267       949,20        180,35</Ustrd></RmtInf><RltdDts><IntrBkSttlmDt>2018-12-19</IntrBkSttlmDt></RltdDts><RtrInf><Orgtr><Nm>Pumand GmbH</Nm></Orgtr><Rsn><Cd>MD06</Cd></Rsn><AddtlInf>NARR REFUND REQUESTED BY END CUSTOMER</AddtlInf><AddtlInf>/RTYP/RTRN</AddtlInf></RtrInf><AddtlTxInf>/SQTP/FRST</AddtlTxInf></TxDtls></NtryDtls>                                                                                                          </Ntry><Ntry><Amt Ccy="EUR">1748.34</Amt><CdtDbtInd>DBIT</CdtDbtInd><Sts>BOOK</Sts><BookgDt><Dt>2018-12-19</Dt></BookgDt><ValDt><Dt>2018-12-17</Dt></ValDt><BkTxCd><Domn><Cd>PMNT</Cd><Fmly><Cd>IDDT</Cd><SubFmlyCd>UPDD</SubFmlyCd></Fmly></Domn></BkTxCd><NtryDtls><Btch><NbOfTxs>1</NbOfTxs></Btch><TxDtls><Refs><InstrId>01-000600501954462018</InstrId><EndToEndId>000600501954462018</EndToEndId><MndtId>1177101171128</MndtId></Refs><AmtDtls><InstdAmt><Amt Ccy="EUR">1748.34</Amt>          </InstdAmt></AmtDtls><RltdPties><Dbtr><Nm>M. Schmitt Transporte e.K.</Nm></Dbtr><DbtrAcct><Id><IBAN>DE72593922000007095449</IBAN></Id></DbtrAcct><Cdtr><Id><PrvtId><Othr><Id>DE98ZZZ00000003249</Id><SchmeNm><Prtry>SEPA</Prtry></SchmeNm></Othr></PrvtId></Id></Cdtr></RltdPties><RltdAgts><DbtrAgt><FinInstnId><BIC>GENODE51LOS</BIC></FinInstnId></DbtrAgt></RltdAgts><Purp><Cd>OTHR</Cd></Purp><RmtInf><Ustrd>ZAHLUNGSBELEG 0050195446 0050195446 /17.12.2018 RATE                LG 0249578     1.469,19        279,15</Ustrd></RmtInf><RltdDts><IntrBkSttlmDt>2018-12-19</IntrBkSttlmDt></RltdDts><RtrInf><Orgtr><Id><OrgId><BICOrBEI>GENODE51LOS</BICOrBEI></OrgId></Id></Orgtr><Rsn><Cd>MS03</Cd></Rsn><AddtlInf>NARR REASON NOT SPECIFIED BY AGENT</AddtlInf><AddtlInf>/RTYP/RTRN</AddtlInf></RtrInf><AddtlTxInf>/SQTP/RCUR</AddtlTxInf></TxDtls></NtryDtls>                                                                                                          </Ntry><Ntry><Amt Ccy="EUR">840.01</Amt><CdtDbtInd>DBIT</CdtDbtInd><Sts>BOOK</Sts><BookgDt><Dt>2018-12-19</Dt></BookgDt><ValDt><Dt>2018-12-17</Dt></ValDt><BkTxCd><Domn><Cd>PMNT</Cd><Fmly><Cd>IDDT</Cd><SubFmlyCd>UPDD</SubFmlyCd></Fmly></Domn></BkTxCd><NtryDtls><Btch><NbOfTxs>1</NbOfTxs></Btch><TxDtls><Refs><InstrId>01-000600501954072018</InstrId><EndToEndId>000600501954072018</EndToEndId><MndtId>1146101096075</MndtId></Refs><AmtDtls><InstdAmt><Amt Ccy="EUR">840.01</Amt>          </InstdAmt></AmtDtls><RltdPties><Dbtr><Nm>Pb - Picobello - Umzuege Mario</Nm></Dbtr><DbtrAcct><Id><IBAN>DE84870500003501020006</IBAN></Id></DbtrAcct><Cdtr><Id><PrvtId><Othr><Id>DE98ZZZ00000003249</Id><SchmeNm><Prtry>SEPA</Prtry></SchmeNm></Othr></PrvtId></Id></Cdtr></RltdPties><RltdAgts><DbtrAgt><FinInstnId><BIC>CHEKDE81XXX</BIC></FinInstnId></DbtrAgt></RltdAgts><Purp><Cd>OTHR</Cd></Purp><RmtInf><Ustrd>ZAHLUNGSBELEG 0050195407 0050195407 /17.12.2018 FORDERUNG TILGUNGSRATE 0248010       840,01          0,00</Ustrd></RmtInf><RltdDts><IntrBkSttlmDt>2018-12-19</IntrBkSttlmDt></RltdDts><RtrInf><Orgtr><Id><OrgId><BICOrBEI>CHEKDE81</BICOrBEI></OrgId></Id></Orgtr><Rsn><Cd>MS03</Cd></Rsn><AddtlInf>NARR REASON NOT SPECIFIED BY AGENT</AddtlInf><AddtlInf>/RTYP/RTRN</AddtlInf></RtrInf><AddtlTxInf>/SQTP/RCUR</AddtlTxInf></TxDtls></NtryDtls>                                                                                                          </Ntry><Ntry><Amt Ccy="EUR">780.56</Amt><CdtDbtInd>DBIT</CdtDbtInd><Sts>BOOK</Sts><BookgDt><Dt>2018-12-19</Dt></BookgDt><ValDt><Dt>2018-12-17</Dt></ValDt><BkTxCd><Domn><Cd>PMNT</Cd><Fmly><Cd>IDDT</Cd><SubFmlyCd>UPDD</SubFmlyCd></Fmly></Domn></BkTxCd><NtryDtls><Btch><NbOfTxs>1</NbOfTxs></Btch><TxDtls><Refs><InstrId>01-000600501954292018</InstrId><EndToEndId>000600501954292018</EndToEndId><MndtId>1113101062937</MndtId></Refs><AmtDtls><InstdAmt><Amt Ccy="EUR">780.56</Amt>          </InstdAmt></AmtDtls><RltdPties><Dbtr><Nm>Kohlhage  Schemann</Nm></Dbtr><DbtrAcct><Id><IBAN>DE58445500450000174698</IBAN></Id></DbtrAcct><Cdtr><Id><PrvtId><Othr><Id>DE98ZZZ00000003249</Id><SchmeNm><Prtry>SEPA</Prtry></SchmeNm></Othr></PrvtId></Id></Cdtr></RltdPties><RltdAgts><DbtrAgt><FinInstnId><BIC>WELADED1ISL</BIC></FinInstnId></DbtrAgt></RltdAgts><Purp><Cd>OTHR</Cd></Purp><RmtInf><Ustrd>ZAHLUNGSBELEG 0050195429 0050195429 /17.12.2018 RATE                LG 0248659       655,93        124,63</Ustrd></RmtInf><RltdDts><IntrBkSttlmDt>2018-12-19</IntrBkSttlmDt></RltdDts><RtrInf><Orgtr><Id><OrgId><BICOrBEI>WELADED1ISL</BICOrBEI></OrgId></Id></Orgtr><Rsn><Cd>MS03</Cd></Rsn><AddtlInf>NARR REASON NOT SPECIFIED BY AGENT</AddtlInf><AddtlInf>/RTYP/RTRN</AddtlInf></RtrInf><AddtlTxInf>/SQTP/RCUR</AddtlTxInf></TxDtls></NtryDtls>                                                                                                          </Ntry><Ntry><Amt Ccy="EUR">625.06</Amt><CdtDbtInd>DBIT</CdtDbtInd><Sts>BOOK</Sts><BookgDt><Dt>2018-12-19</Dt></BookgDt><ValDt><Dt>2018-12-17</Dt></ValDt><BkTxCd><Domn><Cd>PMNT</Cd><Fmly><Cd>IDDT</Cd><SubFmlyCd>UPDD</SubFmlyCd></Fmly></Domn></BkTxCd><NtryDtls><Btch><NbOfTxs>1</NbOfTxs></Btch><TxDtls><Refs><InstrId>01-000600501954352018</InstrId><EndToEndId>000600501954352018</EndToEndId><MndtId>1113101062937</MndtId></Refs><AmtDtls><InstdAmt><Amt Ccy="EUR">625.06</Amt>          </InstdAmt></AmtDtls><RltdPties><Dbtr><Nm>Kohlhage  Schemann</Nm></Dbtr><DbtrAcct><Id><IBAN>DE58445500450000174698</IBAN></Id></DbtrAcct><Cdtr><Id><PrvtId><Othr><Id>DE98ZZZ00000003249</Id><SchmeNm><Prtry>SEPA</Prtry></SchmeNm></Othr></PrvtId></Id></Cdtr></RltdPties><RltdAgts><DbtrAgt><FinInstnId><BIC>WELADED1ISL</BIC></FinInstnId></DbtrAgt></RltdAgts><Purp><Cd>OTHR</Cd></Purp><RmtInf><Ustrd>ZAHLUNGSBELEG 0050195435 0050195435 /17.12.2018 RATE                LG 0249045       525,26         99,80</Ustrd></RmtInf><RltdDts><IntrBkSttlmDt>2018-12-19</IntrBkSttlmDt></RltdDts><RtrInf><Orgtr><Id><OrgId><BICOrBEI>WELADED1ISL</BICOrBEI></OrgId></Id></Orgtr><Rsn><Cd>MS03</Cd></Rsn><AddtlInf>NARR REASON NOT SPECIFIED BY AGENT</AddtlInf><AddtlInf>/RTYP/RTRN</AddtlInf></RtrInf><AddtlTxInf>/SQTP/RCUR</AddtlTxInf></TxDtls></NtryDtls>                                                                                                          </Ntry></Ntfctn></BkToCstmrDbtCdtNtfctn></Document>
