    <Ntfctn>
      <Id>WPGFAE-14022019VA-SFA-N-00000000003</Id>
      <CreDtTm>2019-02-14T00:00:00.00</CreDtTm>
      <Acct>
        <Id>
          <IBAN>FR7630003017490002041129873</IBAN>
        </Id>
        <Ccy>EUR</Ccy>
        <Svcr>
          <FinInstnId>
            <BIC>SOGEFRPP</BIC>
          </FinInstnId>
        </Svcr>
      </Acct>
      <TxsSummry>
        <TtlCdtNtries>
          <NbOfNtries>0</NbOfNtries>
          <Sum>0.00</Sum>
        </TtlCdtNtries>
        <TtlDbtNtries>
          <NbOfNtries>2</NbOfNtries>
          <Sum>24025.31</Sum>
        </TtlDbtNtries>
      </TxsSummry>
      <Ntry>
        <Amt Ccy="EUR">23814.00</Amt>
        <CdtDbtInd>DBIT</CdtDbtInd>
        <Sts>PDNG</Sts>
        <BookgDt>
          <Dt>14/02/2019</Dt>
        </BookgDt>
        <AcctSvcrRef>904538242151</AcctSvcrRef>
        <BkTxCd>
          <Domn>
            <Cd>PMNT</Cd>
            <Fmly>
              <Cd>ICDT</Cd>
              <SubFmlyCd>VCOM</SubFmlyCd>
            </Fmly>
          </Domn>
          <Prtry>
            <Cd>90</Cd>
            <Issr>CFONB</Issr>
          </Prtry>
        </BkTxCd>
        <NtryDtls>
          <Btch>
            <PmtInfId>SOGEFRPP-2019-02-12T10:23:11</PmtInfId>
            <NbOfTxs>1</NbOfTxs>
          </Btch>
          <TxDtls>
            <Refs>
              <AcctSvcrRef>904538242152</AcctSvcrRef>
              <EndToEndId>0009076</EndToEndId>
              <TxId>01749N0201904538242152</TxId>
            </Refs>
            <AmtDtls>
              <InstdAmt>
                <Amt Ccy="EUR">23814.00</Amt>
              </InstdAmt>
            </AmtDtls>
            <RltdPties>
              <Cdtr>
                <Nm>SARRES SARL</Nm>
              </Cdtr>
            </RltdPties>
            <RltdAgts>
              <CdtrAgt>
                <FinInstnId>
                  <BIC>CCBPFRPPBDX</BIC>
                </FinInstnId>
              </CdtrAgt>
            </RltdAgts>
            <RmtInf>
              <Ustrd>F180139 /F180139</Ustrd>
            </RmtInf>
          </TxDtls>
        </NtryDtls>
      </Ntry>
      <Ntry>
        <Amt Ccy="EUR">211.31</Amt>
        <CdtDbtInd>DBIT</CdtDbtInd>
        <Sts>PDNG</Sts>
        <BookgDt>
          <Dt>19/02/2019</Dt>
        </BookgDt>
        <AcctSvcrRef>904538250745</AcctSvcrRef>
        <BkTxCd>
          <Domn>
            <Cd>PMNT</Cd>
            <Fmly>
              <Cd>ICDT</Cd>
              <SubFmlyCd>VCOM</SubFmlyCd>
            </Fmly>
          </Domn>
          <Prtry>
            <Cd>90</Cd>
            <Issr>CFONB</Issr>
          </Prtry>
        </BkTxCd>
        <NtryDtls>
          <Btch>
            <PmtInfId>SOGEFRPP-2019-01-15T08:23:51</PmtInfId>
            <NbOfTxs>1</NbOfTxs>
          </Btch>
          <TxDtls>
            <Refs>
              <AcctSvcrRef>904538250746</AcctSvcrRef>
              <EndToEndId>0008893</EndToEndId>
              <TxId>01749N0201904538250746</TxId>
            </Refs>
            <AmtDtls>
              <InstdAmt>
                <Amt Ccy="EUR">211.31</Amt>
              </InstdAmt>
            </AmtDtls>
            <RltdPties>
              <Cdtr>
                <Nm>SPPL</Nm>
              </Cdtr>
            </RltdPties>
            <RltdAgts>
              <CdtrAgt>
                <FinInstnId>
                  <BIC>CCBPFRPPBDX</BIC>
                </FinInstnId>
              </CdtrAgt>
            </RltdAgts>
            <RmtInf>
              <Ustrd>10096 /10096</Ustrd>
            </RmtInf>
          </TxDtls>
        </NtryDtls>
      </Ntry>
    </Ntfctn>
