    <Ntfctn>
      <Id>WPGFAE-14022019VA-SFA-N-00000000004</Id>
      <CreDtTm>2019-02-14T00:00:00.00</CreDtTm>
      <Acct>
        <Id>
          <IBAN>FR7630003017490002042046329</IBAN>
        </Id>
        <Ccy>EUR</Ccy>
        <Svcr>
          <FinInstnId>
            <BIC>SOGEFRPP</BIC>
          </FinInstnId>
        </Svcr>
      </Acct>
      <TxsSummry>
        <TtlCdtNtries>
          <NbOfNtries>0</NbOfNtries>
          <Sum>0.00</Sum>
        </TtlCdtNtries>
        <TtlDbtNtries>
          <NbOfNtries>2</NbOfNtries>
          <Sum>1480.00</Sum>
        </TtlDbtNtries>
      </TxsSummry>
      <Ntry>
        <Amt Ccy="EUR">908.00</Amt>
        <CdtDbtInd>DBIT</CdtDbtInd>
        <Sts>PDNG</Sts>
        <BookgDt>
          <Dt>14/02/2019</Dt>
        </BookgDt>
        <AcctSvcrRef>904538243040</AcctSvcrRef>
        <BkTxCd>
          <Domn>
            <Cd>PMNT</Cd>
            <Fmly>
              <Cd>ICDT</Cd>
              <SubFmlyCd>VCOM</SubFmlyCd>
            </Fmly>
          </Domn>
          <Prtry>
            <Cd>90</Cd>
            <Issr>CFONB</Issr>
          </Prtry>
        </BkTxCd>
        <NtryDtls>
          <Btch>
            <PmtInfId>SOGEFRPP-2019-02-13T09:52:15</PmtInfId>
            <NbOfTxs>2</NbOfTxs>
          </Btch>
          <TxDtls>
            <Refs>
              <AcctSvcrRef>904538243042</AcctSvcrRef>
              <EndToEndId>0000774</EndToEndId>
              <TxId>01749N0201904538243042</TxId>
            </Refs>
            <AmtDtls>
              <InstdAmt>
                <Amt Ccy="EUR">618.00</Amt>
              </InstdAmt>
            </AmtDtls>
            <RltdPties>
              <Cdtr>
                <Nm>JEAN-LUC BOUMARD</Nm>
              </Cdtr>
            </RltdPties>
            <RltdAgts>
              <CdtrAgt>
                <FinInstnId>
                  <BIC>CMCIFR2A</BIC>
                </FinInstnId>
              </CdtrAgt>
            </RltdAgts>
            <RmtInf>
              <Ustrd>01/2019 /01/2019</Ustrd>
            </RmtInf>
          </TxDtls>
          <TxDtls>
            <Refs>
              <AcctSvcrRef>904538243041</AcctSvcrRef>
              <EndToEndId>0000773</EndToEndId>
              <TxId>01749N0201904538243041</TxId>
            </Refs>
            <AmtDtls>
              <InstdAmt>
                <Amt Ccy="EUR">290.00</Amt>
              </InstdAmt>
            </AmtDtls>
            <RltdPties>
              <Cdtr>
                <Nm>VARHOUVER NATHALIE</Nm>
              </Cdtr>
            </RltdPties>
            <RltdAgts>
              <CdtrAgt>
                <FinInstnId>
                  <BIC>CMCIFR2A</BIC>
                </FinInstnId>
              </CdtrAgt>
            </RltdAgts>
            <RmtInf>
              <Ustrd>0802/19 /0802/19</Ustrd>
            </RmtInf>
          </TxDtls>
        </NtryDtls>
      </Ntry>
      <Ntry>
        <Amt Ccy="EUR">572.00</Amt>
        <CdtDbtInd>DBIT</CdtDbtInd>
        <Sts>PDNG</Sts>
        <BookgDt>
          <Dt>18/02/2019</Dt>
        </BookgDt>
        <AcctSvcrRef>904538246683</AcctSvcrRef>
        <BkTxCd>
          <Domn>
            <Cd>PMNT</Cd>
            <Fmly>
              <Cd>ICDT</Cd>
              <SubFmlyCd>VCOM</SubFmlyCd>
            </Fmly>
          </Domn>
          <Prtry>
            <Cd>90</Cd>
            <Issr>CFONB</Issr>
          </Prtry>
        </BkTxCd>
        <NtryDtls>
          <Btch>
            <PmtInfId>SOGEFRPP-2019-02-13T09:52:15</PmtInfId>
            <NbOfTxs>2</NbOfTxs>
          </Btch>
          <TxDtls>
            <Refs>
              <AcctSvcrRef>904538246685</AcctSvcrRef>
              <EndToEndId>0000769</EndToEndId>
              <TxId>01749N0201904538246685</TxId>
            </Refs>
            <AmtDtls>
              <InstdAmt>
                <Amt Ccy="EUR">391.60</Amt>
              </InstdAmt>
            </AmtDtls>
            <RltdPties>
              <Cdtr>
                <Nm>CHATEAU BOISNIARD</Nm>
              </Cdtr>
            </RltdPties>
            <RltdAgts>
              <CdtrAgt>
                <FinInstnId>
                  <BIC>CCBPFRPPNAN</BIC>
                </FinInstnId>
              </CdtrAgt>
            </RltdAgts>
            <RmtInf>
              <Ustrd>2019012801 /2019012801</Ustrd>
            </RmtInf>
          </TxDtls>
          <TxDtls>
            <Refs>
              <AcctSvcrRef>904538246684</AcctSvcrRef>
              <EndToEndId>0000766</EndToEndId>
              <TxId>01749N0201904538246684</TxId>
            </Refs>
            <AmtDtls>
              <InstdAmt>
                <Amt Ccy="EUR">180.40</Amt>
              </InstdAmt>
            </AmtDtls>
            <RltdPties>
              <Cdtr>
                <Nm>LE GRAND TURC HOTEL RESTAURANT</Nm>
              </Cdtr>
            </RltdPties>
            <RltdAgts>
              <CdtrAgt>
                <FinInstnId>
                  <BIC>CEPAFRPP444</BIC>
                </FinInstnId>
              </CdtrAgt>
            </RltdAgts>
            <RmtInf>
              <Ustrd>0190190001 /0190190001</Ustrd>
            </RmtInf>
          </TxDtls>
        </NtryDtls>
      </Ntry>
    </Ntfctn>
  </BkToCstmrDbtCdtNtfctn>
</Document>
