    <Ntfctn>
      <Id>WPGFAE-14022019VA-SFA-N-00000000001</Id>
      <CreDtTm>2019-02-14T00:00:00.00</CreDtTm>
      <Acct>
        <Id>
          <IBAN>FR7630003017490002010418218</IBAN>
        </Id>
        <Ccy>EUR</Ccy>
        <Svcr>
          <FinInstnId>
            <BIC>SOGEFRPP</BIC>
          </FinInstnId>
        </Svcr>
      </Acct>
      <TxsSummry>
        <TtlCdtNtries>
          <NbOfNtries>0</NbOfNtries>
          <Sum>0.00</Sum>
        </TtlCdtNtries>
        <TtlDbtNtries>
          <NbOfNtries>2</NbOfNtries>
          <Sum>161407.97</Sum>
        </TtlDbtNtries>
      </TxsSummry>
      <Ntry>
        <Amt Ccy="EUR">92725.97</Amt>
        <CdtDbtInd>DBIT</CdtDbtInd>
        <Sts>PDNG</Sts>
        <BookgDt>
          <Dt>14/02/2019</Dt>
        </BookgDt>
        <AcctSvcrRef>904538242153</AcctSvcrRef>
        <BkTxCd>
          <Domn>
            <Cd>PMNT</Cd>
            <Fmly>
              <Cd>ICDT</Cd>
              <SubFmlyCd>VCOM</SubFmlyCd>
            </Fmly>
          </Domn>
          <Prtry>
            <Cd>90</Cd>
            <Issr>CFONB</Issr>
          </Prtry>
        </BkTxCd>
        <NtryDtls>
          <Btch>
            <PmtInfId>SOGEFRPP-2019-02-12T10:30:37</PmtInfId>
            <NbOfTxs>2</NbOfTxs>
          </Btch>
          <TxDtls>
            <Refs>
              <AcctSvcrRef>904538242154</AcctSvcrRef>
              <EndToEndId>0005677</EndToEndId>
              <TxId>01749N0201904538242154</TxId>
            </Refs>
            <AmtDtls>
              <InstdAmt>
                <Amt Ccy="EUR">92348.40</Amt>
              </InstdAmt>
            </AmtDtls>
            <RltdPties>
              <Cdtr>
                <Nm>SAGA (IMMOS PORTEUR)</Nm>
              </Cdtr>
            </RltdPties>
            <RltdAgts>
              <CdtrAgt>
                <FinInstnId>
                  <BIC>AGRIFRPP847</BIC>
                </FinInstnId>
              </CdtrAgt>
            </RltdAgts>
            <RmtInf>
              <Ustrd>20895 /20895</Ustrd>
            </RmtInf>
          </TxDtls>
          <TxDtls>
            <Refs>
              <AcctSvcrRef>904538242155</AcctSvcrRef>
              <EndToEndId>0005679</EndToEndId>
              <TxId>01749N0201904538242155</TxId>
            </Refs>
            <AmtDtls>
              <InstdAmt>
                <Amt Ccy="EUR">377.57</Amt>
              </InstdAmt>
            </AmtDtls>
            <RltdPties>
              <Cdtr>
                <Nm>STM Carroserie</Nm>
              </Cdtr>
            </RltdPties>
            <RltdAgts>
              <CdtrAgt>
                <FinInstnId>
                  <BIC>CMCIFR2A</BIC>
                </FinInstnId>
              </CdtrAgt>
            </RltdAgts>
            <RmtInf>
              <Ustrd>FA011727 /FA011727</Ustrd>
            </RmtInf>
          </TxDtls>
        </NtryDtls>
      </Ntry>
      <Ntry>
        <Amt Ccy="EUR">68682.00</Amt>
        <CdtDbtInd>DBIT</CdtDbtInd>
        <Sts>PDNG</Sts>
        <BookgDt>
          <Dt>18/02/2019</Dt>
        </BookgDt>
        <AcctSvcrRef>904538245572</AcctSvcrRef>
        <BkTxCd>
          <Domn>
            <Cd>PMNT</Cd>
            <Fmly>
              <Cd>ICDT</Cd>
              <SubFmlyCd>VCOM</SubFmlyCd>
            </Fmly>
          </Domn>
          <Prtry>
            <Cd>90</Cd>
            <Issr>CFONB</Issr>
          </Prtry>
        </BkTxCd>
        <NtryDtls>
          <Btch>
            <PmtInfId>SOGEFRPP-2019-02-12T10:30:37</PmtInfId>
            <NbOfTxs>1</NbOfTxs>
          </Btch>
          <TxDtls>
            <Refs>
              <AcctSvcrRef>904538245573</AcctSvcrRef>
              <EndToEndId>0005678</EndToEndId>
              <TxId>01749N0201904538245573</TxId>
            </Refs>
            <AmtDtls>
              <InstdAmt>
                <Amt Ccy="EUR">68682.00</Amt>
              </InstdAmt>
            </AmtDtls>
            <RltdPties>
              <Cdtr>
                <Nm>NATIXIS FACTOR</Nm>
              </Cdtr>
            </RltdPties>
            <RltdAgts>
              <CdtrAgt>
                <FinInstnId>
                  <BIC>NATXFRPP</BIC>
                </FinInstnId>
              </CdtrAgt>
            </RltdAgts>
            <RmtInf>
              <Ustrd>00080052 /00080052</Ustrd>
            </RmtInf>
          </TxDtls>
        </NtryDtls>
      </Ntry>
    </Ntfctn>
