    <Ntfctn>
      <Id>WPGFAE-14022019VA-SFA-N-00000000002</Id>
      <CreDtTm>2019-02-14T00:00:00.00</CreDtTm>
      <Acct>
        <Id>
          <IBAN>FR7630003017490002041127254</IBAN>
        </Id>
        <Ccy>EUR</Ccy>
        <Svcr>
          <FinInstnId>
            <BIC>SOGEFRPP</BIC>
          </FinInstnId>
        </Svcr>
      </Acct>
      <TxsSummry>
        <TtlCdtNtries>
          <NbOfNtries>0</NbOfNtries>
          <Sum>0.00</Sum>
        </TtlCdtNtries>
        <TtlDbtNtries>
          <NbOfNtries>1</NbOfNtries>
          <Sum>108.00</Sum>
        </TtlDbtNtries>
      </TxsSummry>
      <Ntry>
        <Amt Ccy="EUR">108.00</Amt>
        <CdtDbtInd>DBIT</CdtDbtInd>
        <Sts>PDNG</Sts>
        <BookgDt>
          <Dt>19/02/2019</Dt>
        </BookgDt>
        <AcctSvcrRef>904538257114</AcctSvcrRef>
        <BkTxCd>
          <Domn>
            <Cd>PMNT</Cd>
            <Fmly>
              <Cd>ICDT</Cd>
              <SubFmlyCd>VCOM</SubFmlyCd>
            </Fmly>
          </Domn>
          <Prtry>
            <Cd>90</Cd>
            <Issr>CFONB</Issr>
          </Prtry>
        </BkTxCd>
        <NtryDtls>
          <Btch>
            <PmtInfId>SOGEFRPP-2019-02-06T18:35:30</PmtInfId>
            <NbOfTxs>1</NbOfTxs>
          </Btch>
          <TxDtls>
            <Refs>
              <AcctSvcrRef>904538257115</AcctSvcrRef>
              <EndToEndId>0020961</EndToEndId>
              <TxId>01749N0201904538257115</TxId>
            </Refs>
            <AmtDtls>
              <InstdAmt>
                <Amt Ccy="EUR">108.00</Amt>
              </InstdAmt>
            </AmtDtls>
            <RltdPties>
              <Cdtr>
                <Nm>JB TRANS</Nm>
              </Cdtr>
            </RltdPties>
            <RltdAgts>
              <CdtrAgt>
                <FinInstnId>
                  <BIC>CMCIFRPP</BIC>
                </FinInstnId>
              </CdtrAgt>
            </RltdAgts>
            <RmtInf>
              <Ustrd>20190131-4 /20190131-4</Ustrd>
            </RmtInf>
          </TxDtls>
        </NtryDtls>
      </Ntry>
    </Ntfctn>
